@article{glavni,
author = {H. Papadimitriou, Christos and Raghavan, Prabhakar and Sudan, Madhu and Tamaki, Hisao},
year = {2001},
month = {09},
pages = {},
title = {Motion Planning on a Graph},
journal = {Proc. 35th IEEE Symposium on Foundations of Computer Science (FOCS)},
doi = {10.1109/SFCS.1994.365740}
},

@Inbook{def,
author="Kavraki, Lydia E.
and LaValle, Steven M.",
title="Motion Planning",
bookTitle="Springer Handbook of Robotics",
year="2008",
url={https://doi.org/10.1007/978-3-540-30301-5_6}
},

@article {gen1,
author = {Alnasser, Sarah and Bennaceur, Hachemi},
title = {An efficient Genetic Algorithm for the global robot path planning problem},
journal = {Digital Information and Communication Technology and its Applications (DICTAP) 2016 Sixth International Conference}, 
year = {2016}
},

@article {gen2,
author = {AL-Taharwa, Ismail and Sheta, Alaa and Al-Weshah, Mohammed},
title = {A Mobile Robot Path Planning Using Genetic Algorithm
in Static Environment},
year = {2008}, 
publisher = {Department of Information Technology, Faculty of Science and Information Technology,
Al-Balqa Applied University, Al-Salt, Jordan}
},

@article {gen3,
author = {Lamini, Chaymaa and Benhlima, Said and Elbekri, Ali},
title = {Genetic Algorithm Based Approach for Autonomous Mobile Robot Path Planning},
publisher = {Procedia Computer Science},
year = {2018}
}

â€Œ

